<collection>
<record>
<leader>05954cpcaa22009137a 4500</leader>
<controlfield tag="001">11810669</controlfield>
<controlfield tag="005">20201116162341.0</controlfield>
<controlfield tag="007">st omndmbi|||e</controlfield>
<controlfield tag="008">960126i19831983xxu eng </controlfield>
<datafield ind1=" " ind2=" " tag="906">
<subfield code="a">7</subfield>
<subfield code="b">cbc</subfield>
<subfield code="c">orignew</subfield>
<subfield code="d">1</subfield>
<subfield code="e">ncip</subfield>
<subfield code="f">19</subfield>
<subfield code="g">y-folklife</subfield>
</datafield>
<datafield ind1=" " ind2=" " tag="955">
<subfield code="a">
mfor ?/?/96; shal 10/14/99; kblu 02-04-00; mkru 2004-03-17; mkru 2004-04-14; mkru 2004-09-30; mkru 2004-11-17; mkru 2005-07-11; mkru 2011-06-15
</subfield>
<subfield code="a">mkru 2013-08-27; cker 2015-12-14</subfield>
<subfield code="a">mkru 2015-12-15</subfield>
<subfield code="a">mseg 2017-07-08</subfield>
<subfield code="a">mseg 2017-07-11</subfield>
<subfield code="a">mkru 2017-10-23</subfield>
<subfield code="a">masmit 2020-11-16</subfield>
</datafield>
<datafield ind1=" " ind2=" " tag="010">
<subfield code="a"> 2004695154</subfield>
</datafield>
<datafield ind1=" " ind2=" " tag="035">
<subfield code="a">afc96000024</subfield>
</datafield>
<datafield ind1=" " ind2=" " tag="040">
<subfield code="a">DLC</subfield>
<subfield code="c">DLC</subfield>
<subfield code="d">DLC</subfield>
<subfield code="e">appm</subfield>
<subfield code="d">DLC</subfield>
</datafield>
<datafield ind1=" " ind2=" " tag="041">
<subfield code="a">eng</subfield>
<subfield code="d">eng</subfield>
<subfield code="d">arm</subfield>
<subfield code="d">mkh</subfield>
<subfield code="d">spa</subfield>
</datafield>
<datafield ind1=" " ind2=" " tag="043">
<subfield code="a">n-us---</subfield>
<subfield code="a">e-ur-ai</subfield>
<subfield code="a">a-cb---</subfield>
</datafield>
<datafield ind1=" " ind2=" " tag="090">
<subfield code="a">
RWA 5526-5527; RWA 5725; RWA 5729; RWA 5869; RWA 5875-5876; RWA 6290-6291; RWA 6445-6446; RWA 6448-6449 (preservation masters)
</subfield>
</datafield>
<datafield ind1=" " ind2=" " tag="090">
<subfield code="a">AFC 1983/009</subfield>
</datafield>
<datafield ind1="0" ind2="0" tag="245">
<subfield code="a">1983 Neptune Plaza Concert Series collection,</subfield>
<subfield code="f">1983 /</subfield>
<subfield code="c">
sponsored by the American Folklife Center ; assisted by the National Council for the Traditional Arts.
</subfield>
</datafield>
<datafield ind1="0" ind2=" " tag="246">
<subfield code="a">American Folklife Center concert, 1983</subfield>
</datafield>
<datafield ind1=" " ind2="0" tag="264">
<subfield code="c">1983.</subfield>
</datafield>
<datafield ind1=" " ind2=" " tag="300">
<subfield code="3">manuscripts</subfield>
<subfield code="a">9</subfield>
<subfield code="f">folders.</subfield>
</datafield>
<datafield ind1=" " ind2=" " tag="300">
<subfield code="3">sound recordings</subfield>
<subfield code="a">13 sound tape reels :</subfield>
<subfield code="b">analog, 7 1/2 ips, 2 track, mono. ;</subfield>
<subfield code="c">10 in.</subfield>
</datafield>
<datafield ind1=" " ind2=" " tag="300">
<subfield code="3">graphic materials</subfield>
<subfield code="a">233 photographs :</subfield>
<subfield code="b">negatives, black and white.</subfield>
</datafield>
<datafield ind1=" " ind2=" " tag="300">
<subfield code="3">graphic materials</subfield>
<subfield code="a">130 slides :</subfield>
<subfield code="b">color.</subfield>
</datafield>
<datafield ind1=" " ind2=" " tag="300">
<subfield code="3">graphic materials</subfield>
<subfield code="a">20 photographic prints :</subfield>
<subfield code="b">color, black and white ;</subfield>
<subfield code="c">8 x 10 in. and smaller.</subfield>
</datafield>
<datafield ind1=" " ind2="0" tag="440">
<subfield code="a">Neptune Plaza concert series</subfield>
</datafield>
<datafield ind1=" " ind2=" " tag="500">
<subfield code="a">
Photographs include black-and-white negatives, black-and-white contact sheets (233 images), black-and-white and color photographic prints, and color slides taken by photographers John T. Gibbs, Victoria Westover, Mr. Jasuinas, Beverly Orr, Carol Edison, and unidentified photographers.
</subfield>
</datafield>
<datafield ind1=" " ind2=" " tag="520">
<subfield code="a">
Manuscript materials, sound recordings, and photographs documenting the performance of blues music from Virginia; Cambodian classical dance from Maryland, with Rich Kennedy of the National Council for the Traditional Arts narrating the performance; bluegrass music from Virginia; western string band music from Utah; Armenian music from Washington, D.C.; cowboy songs from Arkansas; North Carolina Piedmont country blues music and buck dance, including hand-clapping, and hambone; and Virginia country blues fiddle music recorded live outdoors on Neptune Plaza in front of the Thomas Jefferson Building, Library of Congress, at concerts from April through September 1983, sponsored by the American Folklife Center and the National Council for the Traditional Arts.
</subfield>
</datafield>
<datafield ind1="0" ind2=" " tag="505">
<subfield code="a">
April 21: John Jackson and James Jackson (Blues) -- May 13: Khmer Classical Dance Troupe (Cambodian music and dance) -- May 19: Grass Reflections (Bluegrass music) -- June 3: The Deseret String Band (Western) -- June 16: Leo Sarkisian (Armenian music) -- July 21: Glenn Ohrlin (Cowboy songs) -- August 18: "Fris" Holloway and John Dee Holeman (Country blues and buck dancing) -- September 15: Country Edd Michael and his group (Country blues fiddling)
</subfield>
</datafield>
<datafield ind1="1" ind2=" " tag="506">
<subfield code="a">
Collection is open for research; access restrictions may apply, some materials may be stored offsite. To request materials, please contact the Folklife Reading Room at
</subfield>
<subfield code="u">http://hdl.loc.gov/loc.afc/folklife.contact</subfield>
</datafield>
<datafield ind1="8" ind2=" " tag="524">
<subfield code="a">
1983 Neptune Plaza Concert Series collection (AFC 1983/009), Archive of Folk Culture, American Folklife Center, Library of Congress, Washington, D.C.
</subfield>
</datafield>
<datafield ind1=" " ind2=" " tag="540">
<subfield code="a">
Duplication of the recorded materials may be governed by copyright and other restrictions.
</subfield>
</datafield>
<datafield ind1=" " ind2=" " tag="546">
<subfield code="3">Manuscripts</subfield>
<subfield code="a">in English.</subfield>
</datafield>
<datafield ind1=" " ind2=" " tag="546">
<subfield code="3">Sound recordings</subfield>
<subfield code="a">in Armenian, English, Mon-Khmer, Spanish.</subfield>
</datafield>
<datafield ind1="0" ind2=" " tag="555">
<subfield code="a">
Finding aid available in the Folklife Reading Room and online
</subfield>
<subfield code="u">http://hdl.loc.gov/loc.afc/eadafc.af011010</subfield>
</datafield>
<datafield ind1=" " ind2="0" tag="650">
<subfield code="a">Folk music</subfield>
<subfield code="z">United States.</subfield>
</datafield>
<datafield ind1=" " ind2="0" tag="650">
<subfield code="a">Folk music</subfield>
<subfield code="z">Armenia.</subfield>
</datafield>
<datafield ind1=" " ind2="0" tag="650">
<subfield code="a">Armenian Americans</subfield>
<subfield code="z">Washington, D.C.</subfield>
<subfield code="v">Music.</subfield>
</datafield>
<datafield ind1=" " ind2="0" tag="650">
<subfield code="a">African Americans</subfield>
<subfield code="z">North Carolina</subfield>
<subfield code="v">Music.</subfield>
</datafield>
<datafield ind1=" " ind2="0" tag="650">
<subfield code="a">African Americans</subfield>
<subfield code="z">Virginia</subfield>
<subfield code="v">Music.</subfield>
</datafield>
<datafield ind1=" " ind2="0" tag="650">
<subfield code="a">Cambodian Americans</subfield>
<subfield code="z">Maryland</subfield>
<subfield code="v">Music.</subfield>
</datafield>
<datafield ind1=" " ind2="0" tag="650">
<subfield code="a">Blues (Music)</subfield>
<subfield code="y">1981-1990.</subfield>
</datafield>
<datafield ind1=" " ind2="0" tag="650">
<subfield code="a">Bluegrass music</subfield>
<subfield code="y">1981-1990.</subfield>
</datafield>
<datafield ind1=" " ind2="0" tag="650">
<subfield code="a">Dance</subfield>
<subfield code="z">Cambodia.</subfield>
</datafield>
<datafield ind1=" " ind2="0" tag="650">
<subfield code="a">Dance music</subfield>
<subfield code="z">Cambodia.</subfield>
</datafield>
<datafield ind1=" " ind2="0" tag="650">
<subfield code="a">Dance</subfield>
<subfield code="z">North Carolina.</subfield>
</datafield>
<datafield ind1=" " ind2="0" tag="650">
<subfield code="a">Dance music</subfield>
<subfield code="z">North Carolina.</subfield>
</datafield>
<datafield ind1=" " ind2="0" tag="650">
<subfield code="a">Fiddle tunes.</subfield>
</datafield>
<datafield ind1=" " ind2="0" tag="650">
<subfield code="a">Country music.</subfield>
</datafield>
<datafield ind1=" " ind2="0" tag="650">
<subfield code="a">Cowboys</subfield>
<subfield code="z">West (U.S.)</subfield>
<subfield code="x">Songs and music</subfield>
</datafield>
<datafield ind1=" " ind2="0" tag="650">
<subfield code="a">Frontier and pioneer life</subfield>
<subfield code="z">United States</subfield>
<subfield code="v">Music.</subfield>
</datafield>
<datafield ind1=" " ind2="0" tag="650">
<subfield code="a">Old-time music.</subfield>
</datafield>
<datafield ind1=" " ind2="0" tag="650">
<subfield code="a">String band music</subfield>
<subfield code="z">Utah.</subfield>
</datafield>
<datafield ind1=" " ind2="0" tag="650">
<subfield code="a">Hand-clapping music</subfield>
<subfield code="z">North Carolina.</subfield>
</datafield>
<datafield ind1=" " ind2="7" tag="655">
<subfield code="a">Sound recordings.</subfield>
<subfield code="2">lcgft</subfield>
</datafield>
<datafield ind1=" " ind2="7" tag="655">
<subfield code="a">Concerts.</subfield>
<subfield code="2">aat</subfield>
</datafield>
<datafield ind1=" " ind2="7" tag="655">
<subfield code="a">Manuscripts.</subfield>
<subfield code="2">aat</subfield>
</datafield>
<datafield ind1=" " ind2="7" tag="655">
<subfield code="a">Photographic prints.</subfield>
<subfield code="2">aat</subfield>
</datafield>
<datafield ind1=" " ind2="7" tag="655">
<subfield code="a">Color slides.</subfield>
<subfield code="2">aat</subfield>
</datafield>
<datafield ind1="1" ind2=" " tag="700">
<subfield code="a">Jackson, John,</subfield>
<subfield code="d">1924-2002,</subfield>
<subfield code="e">performer.</subfield>
</datafield>
<datafield ind1="1" ind2=" " tag="700">
<subfield code="a">Jackson, James,</subfield>
<subfield code="d">1961-</subfield>
<subfield code="e">performer.</subfield>
</datafield>
<datafield ind1="1" ind2=" " tag="700">
<subfield code="a">Sarkisian, Leo,</subfield>
<subfield code="d">1921-</subfield>
<subfield code="e">performer.</subfield>
</datafield>
<datafield ind1="1" ind2=" " tag="700">
<subfield code="a">Ohrlin, Glenn,</subfield>
<subfield code="d">1926-2015,</subfield>
<subfield code="e">performer.</subfield>
</datafield>
<datafield ind1="1" ind2=" " tag="700">
<subfield code="a">Holloway, Quentin,</subfield>
<subfield code="e">performer.</subfield>
</datafield>
<datafield ind1="1" ind2=" " tag="700">
<subfield code="a">Holeman, John Dee,</subfield>
<subfield code="e">performer.</subfield>
</datafield>
<datafield ind1="1" ind2=" " tag="700">
<subfield code="a">Michael, Edd,</subfield>
<subfield code="e">performer.</subfield>
</datafield>
<datafield ind1="2" ind2=" " tag="710">
<subfield code="a">Khmer Classical Dance Troupe,</subfield>
<subfield code="e">performer.</subfield>
</datafield>
<datafield ind1="2" ind2=" " tag="710">
<subfield code="a">Grass Reflections (Musical group),</subfield>
<subfield code="e">performer.</subfield>
</datafield>
<datafield ind1="2" ind2=" " tag="710">
<subfield code="a">Deseret String Band,</subfield>
<subfield code="e">performer.</subfield>
</datafield>
<datafield ind1="2" ind2=" " tag="710">
<subfield code="a">American Folklife Center,</subfield>
<subfield code="e">sponsor.</subfield>
</datafield>
<datafield ind1="2" ind2=" " tag="710">
<subfield code="a">Archive of Folk Culture (Library of Congress)</subfield>
<subfield code="e">collector.</subfield>
</datafield>
<datafield ind1="2" ind2=" " tag="710">
<subfield code="a">National Council for the Traditional Arts,</subfield>
<subfield code="e">sponsor.</subfield>
</datafield>
<datafield ind1=" " ind2=" " tag="852">
<subfield code="a">Library of Congress</subfield>
<subfield code="b">Archive of Folk Culture, American Folklife Center,</subfield>
<subfield code="e">
101 Independence Ave. S.E., Washington, DC USA 20540-4610
</subfield>
<subfield code="u">http://hdl.loc.gov/loc.afc/folklife.home</subfield>
</datafield>
<datafield ind1="4" ind2="2" tag="856">
<subfield code="3">Finding aid</subfield>
<subfield code="u">http://hdl.loc.gov/loc.afc/eadafc.af011010</subfield>
</datafield>
<datafield ind1=" " ind2=" " tag="985">
<subfield code="a">AFC/1983 Neptune Plaza</subfield>
<subfield code="e">DHC</subfield>
</datafield>
<datafield ind1=" " ind2=" " tag="985">
<subfield code="a">afc/event</subfield>
</datafield>
<datafield ind1=" " ind2=" " tag="985">
<subfield code="a">afc/ead</subfield>
</datafield>
<datafield ind1=" " ind2=" " tag="985">
<subfield code="a">afc/coll</subfield>
</datafield>
</record>
</collection>